% In case of doubt, please check, for example,
% http://bib-it.sourceforge.net/help/fieldsAndEntryTypes.php

@INPROCEEDINGS{6606617,
  author={Bacchelli, Alberto and Bird, Christian},
  booktitle={2013 35th International Conference on Software Engineering (ICSE)},
  title={Expectations, outcomes, and challenges of modern code review}, 
  year={2013},
  volume={},
  number={},
  pages={712-721},
  doi={10.1109/ICSE.2013.6606617}
}

@article{Rong2012TheEO,
  title={The Effect of Checklist in Code Review for Inexperienced Students: An Empirical Study},
  author={Guoping Rong and Jingyi Li and Mingjuan Xie and Tao Zheng},
  journal={2012 IEEE 25th Conference on Software Engineering Education and Training},
  year={2012},
  pages={120-124}
}

@mastersthesis{publication-20661,
	author={Fr{\"o}hlich, Josua},
	editor={Bacchelli, Alberto and Fregnan, Enrico},
	faculty={Faculty of Business, Economics and Informatics},
	institution={University of Zurich},
	title={Code Review Visualizations With CodeDiffVis for Java},
	year=2020,
}

@article{FREGNAN2019159,
 title = {A survey on software coupling relations and tools},
 journal = {Information and Software Technology},
 volume = {107},
 pages = {159-178},
 year = {2019},
 issn = {0950-5849},
 doi = {https://doi.org/10.1016/j.infsof.2018.11.008},
 url = {https://www.sciencedirect.com/science/article/pii/S0950584918302441},
 author = {Enrico Fregnan and Tobias Baum and Fabio Palomba and Alberto Bacchelli},
 keywords = {Software engineering, Coupling relations, Software metrics},
 doi={https://doi.org/10.5281/zenodo.2002001}
}

@INPROCEEDINGS{7194568,
  author={Barnett, Mike and Bird, Christian and Brunet, João and Lahiri, Shuvendu K.},
  booktitle={2015 IEEE/ACM 37th IEEE International Conference on Software Engineering}, 
  title={Helping Developers Help Themselves: Automatic Decomposition of Code Review Changesets}, 
  year={2015},
  volume={1},
  number={},
  pages={134-144},
  doi={10.1109/ICSE.2015.35}
}

@inproceedings{baum2016need,
  title={On the need for a new generation of code review tools},
  author={Baum, Tobias and Schneider, Kurt},
  booktitle={International Conference on Product-Focused Software Process Improvement},
  pages={301--308},
  year={2016},
  organization={Springer}
}

@inproceedings{Baum_2016,
	doi = {10.1109/qrs.2016.19},
	url = {https://doi.org/10.1109%2Fqrs.2016.19},
	year = 2016,
	month = {aug},
	publisher = {{IEEE}},
	author = {Tobias Baum and Olga Liskin and Kai Niklas and Kurt Schneider},
	title = {A Faceted Classification Scheme for Change-Based Industrial Code Review Processes},
	booktitle = {2016 {IEEE} International Conference on Software Quality, Reliability and Security ({QRS})}
}

@inproceedings{baum2017optimal,
  title={On the optimal order of reading source code changes for review},
  author={Baum, Tobias and Schneider, Kurt and Bacchelli, Alberto},
  booktitle={2017 IEEE international conference on software maintenance and evolution (ICSME)},
  pages={329--340},
  year={2017},
  organization={IEEE}
}

@Article{Baum2019,
 author={Baum, Tobias
 and Schneider, Kurt
 and Bacchelli, Alberto},
 title={Associating working memory capacity and code change ordering with code review performance},
 journal={Empirical Software Engineering},
 year={2019},
 month={Aug},
 day={01},
 volume={24},
 number={4},
 pages={1762-1798},
 issn={1573-7616},
 doi={10.1007/s10664-018-9676-8},
 url={https://doi.org/10.1007/s10664-018-9676-8}
}


@CONFERENCE{Bavota2013692,
 author={Bavota, G. and Dit, B. and Oliveto, R. and Di Penta, M. and Poshyvanyk, D. and De Lucia, A.},
 title={An empirical study on the developers' perception of software coupling},
 journal={Proceedings - International Conference on Software Engineering},
 year={2013},
 pages={692-701},
 doi={10.1109/ICSE.2013.6606615},
 art_number={6606615},
 note={cited By 94},
 url={https://www.scopus.com/inward/record.uri?eid=2-s2.0-84886384362&doi=10.1109%2fICSE.2013.6606615&partnerID=40&md5=1bb40e5ead70d573d2679c11f2bc163 8},
 document_type={Conference Paper},
 source={Scopus},
}

@inproceedings{Bragdon_2010,
	doi = {10.1145/1753326.1753706},
	url = {https://doi.org/10.1145%2F1753326.1753706},
	year = 2010,
	publisher = {{ACM} Press},
	author = {Andrew Bragdon and Robert Zeleznik and Steven P. Reiss and Suman Karumuri and William Cheung and Joshua Kaplan and Christopher Coleman and Ferdi Adeputra and Joseph J. LaViola},
	title = {Code bubbles},
	booktitle = {Proceedings of the 28th international conference on Human factors in computing systems - {CHI} {\textquotesingle}10}
}

@inproceedings{bragdon2010code,
  title={Code bubbles: rethinking the user interface paradigm of integrated development environments},
  author={Bragdon, Andrew and Reiss, Steven P and Zeleznik, Robert and Karumuri, Suman and Cheung, William and Kaplan, Joshua and Coleman, Christopher and Adeputra, Ferdi and LaViola Jr, Joseph J},
  booktitle={Proceedings of the 32nd ACM/IEEE International Conference on Software Engineering-Volume 1},
  pages={455--464},
  year={2010}
}

@inproceedings{de2005study,
  title={A study of the documentation essential to software maintenance},
  author={de Souza, Sergio Cozzetti B and Anquetil, Nicolas and de Oliveira, K{\'a}thia M},
  booktitle={Proceedings of the 23rd annual international conference on Design of communication: documenting \& designing for pervasive information},
  pages={68--75},
  year={2005}
}

@article{10.1145/1165734.1165736,
 author = {Plumlee, Matthew D. and Ware, Colin},
 title = {Zooming versus Multiple Window Interfaces: Cognitive Costs of Visual Comparisons},
 year = {2006},
 issue_date = {June 2006},
 publisher = {Association for Computing Machinery},
 address = {New York, NY, USA},
 volume = {13},
 number = {2},
 issn = {1073-0516},
 url = {https://doi.org/10.1145/1165734.1165736},
 doi = {10.1145/1165734.1165736},
 journal = {ACM Trans. Comput.-Hum. Interact.},
 month = {jun},
 pages = {179–209},
 numpages = {31},
 keywords = {multiscale, visual working memory, multiscale comparison, focus-in-context, zooming, Multiple windows, interaction design}
}

@article{Fagan-1976,
 doi       = {10.1147/sj.153.0182},
 title     = {Design and code inspections to reduce errors in program development},
 author    = {Fagan, M. E.},
 publisher = {IBM},
 journal   = {IBM Systems Journal},
 issn      = {0018-8670},
 year      = {1976},
 volume    = {15},
 issue     = {3},
 pages     = {182--211},
 url       = {http://doi.org/10.1147/sj.153.0182}
}

@article{DBLP:journals/corr/abs-1906-07108,
  author    = {Daya Guo and
               Duyu Tang and
               Nan Duan and
               Ming Zhou and
               Jian Yin},
  title     = {Coupling Retrieval and Meta-Learning for Context-Dependent Semantic
               Parsing},
  journal   = {CoRR},
  volume    = {abs/1906.07108},
  year      = {2019},
  url       = {http://arxiv.org/abs/1906.07108},
  eprinttype = {arXiv},
  eprint    = {1906.07108},
  timestamp = {Tue, 18 Feb 2020 15:25:56 +0100},
  biburl    = {https://dblp.org/rec/journals/corr/abs-1906-07108.bib},
  bibsource = {dblp computer science bibliography, https://dblp.org}
}

@inproceedings{ho2019towards,
  title={Towards an infrastructure for empirical research into software architecture: challenges and directions},
  author={Ho-Quang, Truong and Chaudron, Michel RV and Robles, Gregorio and Herwanto, Guntur Budi},
  booktitle={2019 IEEE/ACM 2nd International Workshop on Establishing the Community-Wide Infrastructure for Architecture-Based Software Engineering (ECASE)},
  pages={34--41},
  year={2019},
  organization={IEEE}
}

@article{truong2019empowering,
  title={Empowering Empirical Research in Software Design: Construction and Studies on a Large-Scale Corpus of UML Models},
  author={Ho-Quang, Truong},
  year={2019}
}

@ARTICLE{1605171,
  author={Wirfs-Brock, R.J.},
  journal={IEEE Software}, 
  title={Characterizing classes}, 
  year={2006},
  volume={23},
  number={2},
  pages={9-11},
  doi={10.1109/MS.2006.43}
}

@book{cooper-2011,
	author = {Cooper, Keith and Torczon, Linda},
	edition = {2},
	publisher = {Morgan Kaufmann},
	title = {{Engineering a Compiler}},
	year = {2011},
}

@article{Deline2012,
 author = {Deline, Robert and Bragdon, Andrew and Rowan, Kael and Jacobsen, Jens and Reiss, Steven},
 year = {2012},
 month = {06},
 pages = {1064-1073},
 title = {Debugger Canvas: Industrial experience with the code bubbles paradigm},
 journal = {Proceedings - International Conference on Software Engineering},
 doi = {10.1109/ICSE.2012.6227113}
}

@misc{jenkov-2014,
	author = {Jenkov, J.},
	month = {05},
	title = {{Understanding Dependencies}},
	url = {http://tutorials.jenkov.com/ood/understanding-dependencies.html},
	year = {2014},
}

@inproceedings{kononenko2016code,
  title={Code review quality: How developers see it},
  author={Kononenko, Oleksii and Baysal, Olga and Godfrey, Michael W},
  booktitle={Proceedings of the 38th international conference on software engineering},
  pages={1028--1038},
  year={2016}
}

@InProceedings{10.1007/978-3-319-73117-9_18,
 author="Luna Freire, Victor da C.
 and Brunet, Jo{\~a}o
 and de Figueiredo, Jorge C. A.",
 editor="Tjoa, A Min
 and Bellatreche, Ladjel
 and Biffl, Stefan
 and van Leeuwen, Jan
 and Wiedermann, Ji{\v{r}}{\'i} ",
 title="Automatic Decomposition of Java Open Source Pull Requests: A Replication Study",
 booktitle="SOFSEM 2018: Theory and Practice of Computer Science",
 year="2018",
 publisher="Springer International Publishing",
 address="Cham",
 pages="255--268",
 isbn="978-3-319-73117-9"
}

@article{davis-1989,
 author = {Davis, Fred and Davis, Fred},
 year = {1989},
 month = {09},
 pages = {319-},
 title = {Perceived Usefulness, Perceived Ease of Use, and User Acceptance of Information Technology},
 volume = {13},
 journal = {MIS Quarterly},
 doi = {10.2307/249008}
}

@inproceedings{Medlock2007UsingTR,
  title={Using the RITE method to improve products; a definition and a case study},
  author={Michael C. Medlock and Dennis R. Wixon and Mark Terrano and Ramon L. Romero},
  year={2007}
}

@article{McIntosh-2016,
 doi       = {10.1007/s10664-015-9381-9},
 title     = {An empirical study of the impact of modern code review practices on software quality},
 author    = {McIntosh, Shane and Kamei, Yasutaka and Adams, Bram and Hassan, Ahmed E.},
 publisher = {Springer US},
 journal   = {Empirical Software Engineering},
 issn      = {1382-3256,1573-7616},
 year      = {2016},
 volume    = {21},
 issue     = {5},
 pages     = {2146--2189},
 url       = {http://doi.org/10.1007/s10664-015-9381-9}
}

@article{Rigby-2012,
 doi       = {10.1109/ms.2012.24},
 title     = {Contemporary Peer Review in Action: Lessons from Open Source Development},
 author    = {Rigby, Peter and Cleary, Brendan and Painchaud, Frederic and Storey, Margaret-Anne and German, Daniel},
 publisher = {IEEE},
 journal   = {IEEE Software},
 issn      = {0740-7459},
 year      = {2012},
 volume    = {29},
 issue     = {6},
 pages     = {56--61},
 url       = {http://doi.org/10.1109/ms.2012.24}
}

@inproceedings{rigby2013convergent,
  title={Convergent contemporary software peer review practices},
  author={Rigby, Peter C and Bird, Christian},
  booktitle={Proceedings of the 2013 9th Joint Meeting on Foundations of Software Engineering},
  pages={202--212},
  year={2013}
}

@article{tenny1988program,
  title={Program readability: Procedures versus comments},
  author={Tenny, Ted},
  journal={IEEE Transactions on Software Engineering},
  volume={14},
  number={9},
  pages={1271},
  year={1988},
  publisher={IEEE Computer Society}
}

@inproceedings{woodfield1981effect,
  title={The effect of modularization and comments on program comprehension},
  author={Woodfield, Scott N and Dunsmore, Hubert E and Shen, Vincent Yun},
  booktitle={Proceedings of the 5th international conference on Software engineering},
  pages={215--223},
  year={1981}
}

@misc{python-software-foundation-2022,
	author = {{Python Software Foundation}},
	month = {05},
	title = {{Modules}},
	url = {https://docs.python.org/3/tutorial/modules.html},
	year = {2022},
}

@InProceedings{10.1007/BFb0021827,
 author="Purchase, Helen C.
 and Cohen, Robert F.
 and James, Murray",
 editor="Brandenburg, Franz J.",
 title="Validating graph drawing aesthetics",
 booktitle="Graph Drawing",
 year="1996",
 publisher="Springer Berlin Heidelberg",
 address="Berlin, Heidelberg",
 pages="435--446",
 isbn="978-3-540-49351-8"
}

@article{10.1145/3188720,
 author = {Sadowski, Caitlin and Aftandilian, Edward and Eagle, Alex and Miller-Cushon, Liam and Jaspan, Ciera},
 title = {Lessons from Building Static Analysis Tools at Google},
 year = {2018},
 issue_date = {April 2018},
 publisher = {Association for Computing Machinery},
 address = {New York, NY, USA},
 volume = {61},
 number = {4},
 issn = {0001-0782},
 url = {https://doi.org/10.1145/3188720},
 doi = {10.1145/3188720},
 abstract = {For a static analysis project to succeed, developers must feel they  benefit from and enjoy using it.},
 journal = {Commun. ACM},
 month = {mar},
 pages = {58–66},
 numpages = {9}
}

@INPROCEEDINGS{6606613,
  author={Johnson, Brittany and Song, Yoonki and Murphy-Hill, Emerson and Bowdidge, Robert},
  booktitle={2013 35th International Conference on Software Engineering (ICSE)},
  title={Why don't software developers use static analysis tools to find bugs?},
  year={2013},
  volume={},
  number={},
  pages={672-681},
  doi={10.1109/ICSE.2013.6606613}}


@unpublished{cr_visualization_major,
    author = {Fregnan, Enrico and Frohlich, Josua and Spadini, Davide and Bacchelli, Alberto},
    title = {Graph-based visualization of merge requests for code review},
    year = {2022}
}

% RITE example.
@Article{Fregnan2022,
 author={Fregnan, Enrico
 and Petrulio, Fernando
 and Di Geronimo, Linda
 and Bacchelli, Alberto},
 title={What happens in my code reviews? An investigation on automatically classifying review changes},
 journal={Empirical Software Engineering},
 year={2022},
 month={Apr},
 day={14},
 volume={27},
 number={4},
 pages={89},
 issn={1573-7616},
 doi={10.1007/s10664-021-10075-5},
 url={https://doi.org/10.1007/s10664-021-10075-5}
}



% RITE Adaptation.
@inproceedings{10.1145/2858036.2858387,
    author = {Bach, Benjamin and Kerracher, Natalie and Hall, Kyle Wm. and Carpendale, Sheelagh and Kennedy, Jessie and Henry Riche, Nathalie},
    title = {Telling Stories about Dynamic Networks with Graph Comics},
    year = {2016},
    isbn = {9781450333627},
    publisher = {Association for Computing Machinery},
    address = {New York, NY, USA},
    url = {https://doi.org/10.1145/2858036.2858387},
    doi = {10.1145/2858036.2858387},
    booktitle = {Proceedings of the 2016 CHI Conference on Human Factors in Computing Systems},
    pages = {3670–3682},
    numpages = {13},
    keywords = {comics, data-driven storytelling, dynamic networks, information visualization, network visualization},
    location = {San Jose, California, USA},
    series = {CHI '16}
}

@misc{rite-way-to-prototype,
	author = {Shirey, Jenny and Nguyen, Quynh and Charng, Ann},
	month = {03},
	title = {The RITE Way to Prototype},
	url = {https://uxmag.com/articles/the-rite-way-to-prototype},
	year = {2013},
}

@misc{really-ingenious-testing-experience,
	author = {Reichlin, Simone},
	month = {07},
	title = {RITE — the Really Ingenious Testing Experience},
	url = {https://blog.ginetta.net/rite-the-really-ingenious-testing-experience-5deee99252e1},
	year = {2016},
}